@BOOK{Axler2014,
	AUTHOR = {Axler, Sheldon},
	YEAR = {2014},
	TITLE = {Linear Algebra Done Right},
	EDITION = {3rd},
	ISBN = {978-3-319-11080-6},
	PUBLISHER = {Springer},
	ADDRESS = {Berlin, Heidelberg},
}

@MISC {WEBSITE:1,
    TITLE = {Probability that a random binary matrix will have full column rank?},
    AUTHOR = {Alfonso Fernandez (\url{https://math.stackexchange.com/users/54227/alfonso-fernandez})},
    HOWPUBLISHED = {Mathematics Stack Exchange},
    NOTE = {URL:https://math.stackexchange.com/q/564699 (Version: 2013-11-12)},
    EPRINT = {https://math.stackexchange.com/q/564699},
    URL = {https://math.stackexchange.com/q/564699}
}
@MISC{ WEBSITE:2,
    author = "{Wikipedia contributors}",
    title = "Kernel (linear algebra) --- {Wikipedia}{,} The Free Encyclopedia",
    year = "2022",
    howpublished = "\url{https://en.wikipedia.org/w/index.php?		title=Kernel_(linear_algebra)&oldid=1070674634}",
    note = "[Online; Abgerufen 18. April 2022]"
}